@article{mozaffari2019tutorial,
  title={A tutorial on UAVs for wireless networks: Applications, challenges, and open problems},
  author={Mozaffari, Mohammad and Saad, Walid and Bennis, Mehdi and Nam, Young-Han and Debbah, M{\'e}rouane},
  journal={IEEE communications surveys \& tutorials},
  volume={21},
  number={3},
  pages={2334--2360},
  year={2019},
  publisher={IEEE}
}
